%%WORK CITATIONS%%
%Modern Optics
@book{guenther2015modern,
  title={Modern optics},
  author={Guenther, Bob D},
  year={2015},
  publisher={OUP Oxford}
}

%Zangwill book on electrodynamics
@book{zangwill2013modern,
  title={Modern electrodynamics},
  author={Zangwill, Andrew},
  year={2013},
  publisher={Cambridge University Press}
}
%Jackson book on electrodynamics
@misc{jackson1999classical,
  title={Classical electrodynamics},
  author={Jackson, John David},
  year={1999},
  publisher={American Association of Physics Teachers}
}

%National Electric Code
@misc{NEC2020,
  title={National Electrical Code},
  year={2020},
  organization={National Fire Protection Association},
  url={https://www.nfpa.org/codes-and-standards/all-codes-and-standards/list-of-codes-and-standards/detail?code=70},
  note={Accessed: June 2023}}

  @article{sarajcev2000calculation,
  title={Calculation of losses in electric power cables as the base for cable temperature analysis},
  author={Sarajcev, I and Majstrovic, M and Medic, Ivan},
  journal={WIT Transactions on Engineering Sciences},
  volume={27},
  year={2000},
  publisher={WIT Press}
}

@inproceedings{zhao2018study,
  title={Study on the temperature distribution of the outer surface of the cable intermediate joint based on ANSYS simulation},
  author={Zhao, Aqin and Gu, Liang},
  booktitle={2018 IEEE 4th Information Technology and Mechatronics Engineering Conference (ITOEC)},
  pages={20--23},
  year={2018},
  organization={IEEE}
}

@article{yu2020numerical,
  title={Numerical analysis of thermo-electric field for AC XLPE cables with different service times in DC operation based on conduction current measurement},
  author={Yu, Jingzhe and Chen, Xiangrong and Meng, Fanbo and Paramane, Ashish and Hou, Shuai},
  journal={IEEE Transactions on Dielectrics and Electrical Insulation},
  volume={27},
  number={3},
  pages={900--908},
  year={2020},
  publisher={IEEE}
}

@book{sweigart2019automate,
  title={Automate the boring stuff with Python: practical programming for total beginners},
  author={Sweigart, Al},
  year={2019},
  publisher={No Starch Press}
}

@book{shotts2019linux,
  title={The Linux command line: a complete introduction},
  author={Shotts, William},
  year={2019},
  publisher={No Starch Press}
}

@article{gv1995python,
  title={Python tutorial: Technical report cs-r9526},
  author={Gv, Rossum},
  journal={Amsterdam: Centrum voor Wiskunde en Informatica},
  year={1995}
}

@book{roache1998verification,
  title={Verification and validation in computational science and engineering},
  author={Roache, Patrick J},
  volume={895},
  year={1998},
  publisher={Hermosa Albuquerque, NM}
}

@book{ferziger2002computational,
  title={Computational methods for fluid dynamics},
  author={Ferziger, Joel H and Peri{\'c}, Milovan and Street, Robert L},
  volume={3},
  year={2002},
  publisher={Springer}
}

@book{patankar2018numerical,
  title={Numerical heat transfer and fluid flow},
  author={Patankar, Suhas},
  year={2018},
  publisher={Taylor \& Francis}
}

@book{versteeg2007introduction,
  title={An introduction to computational fluid dynamics: the finite volume method},
  author={Versteeg, Henk Kaarle and Malalasekera, Weeratunge},
  year={2007},
  publisher={Pearson education}
}

@book{anderson1995computational,
  title={Computational fluid dynamics},
  author={Anderson, John David and Wendt, John},
  volume={206},
  year={1995},
  publisher={Springer}
}

@book{zienkiewicz2005finite,
  title={The finite element method for solid and structural mechanics},
  author={Zienkiewicz, Olek C and Taylor, Robert L},
  year={2005},
  publisher={Elsevier}
}

@book{karniadakis2005spectral,
  title={Spectral/hp element methods for computational fluid dynamics},
  author={Karniadakis, George Em and Karniadakis, George and Sherwin, Spencer},
  year={2005},
  publisher={Oxford University Press on Demand}
}

@book{hughes2012finite,
  title={The finite element method: linear static and dynamic finite element analysis},
  author={Hughes, Thomas JR},
  year={2012},
  publisher={Courier Corporation}
}

@article{clough1995dynamics,
  title={Dynamics of structures, computers \& structures},
  author={Clough, Ray W and Penzien, Joseph},
  journal={New York},
  year={1995}
}

@book{reddy2019introduction,
  title={Introduction to the finite element method},
  author={Reddy, Junuthula Narasimha},
  year={2019},
  publisher={McGraw-Hill Education}
}

@article{shazly2017thermal,
  title={Thermal analysis of high-voltage cables with several types of insulation for different configurations in the presence of harmonics},
  author={Shazly, Jehan H and Mostafa, Mohamed A and Ibrahim, Doaa K and Abo El Zahab, Essam E},
  journal={IET Generation, Transmission \& Distribution},
  volume={11},
  number={14},
  pages={3439--3448},
  year={2017},
  publisher={Wiley Online Library}
}

%QED2 Switchboard
@misc{QED2_Switchboard,
	title = {Tablero de distribución {QED}-2 {\textbar} {Schneider} {Electric} {México}},
    year={2023},
	url = {https://www.se.com/mx/es/product-range/6287-tableros-qed-2/},
	abstract = {Schneider Electric México. QED-2 - Tus requerimientos y expectativas no solo serán cumplidas, serán superadas. Solución robusta de hasta 5000 A y 200 kA. Derivados de hasta 4000 A montados individualmente.},
	language = {es-MX},
	urldate = {2023-05-05},
}